@misc{ofi:kerettanterv,
  author="Emberi Erőforrások Minisztériuma",
  title = "51/2012. ({XII.} 21.) {EMMI} rendelet
a kerettantervek kiadásának és jóváhagyásának rendjéről. 1., 2., 3. és 4. melléklet.",
  note="[Letöltve 2019 január]",
  howpublished = "\mbox{\url{http://kerettanterv.ofi.hu/}}",

}
@misc{ oecd99lifeskills,
       author = "World Health Organization",
       title = "Partners in Life Skills Education : Conclusions from a United Nations Inter-Agency Meeting",
       year = "1999" }

@misc{ wiki:smart,
         author = "{Wikipedia contributors}",
         title = "SMART criteria",
         year = "2018",
         url = "https://en.wikipedia.org/wiki/SMART\_criteria",
         note = "[Online; accessed 22-July-2018]"
       }

@misc{ indepence_level,
author="Khan Lab School",
title="Independence Levels",
url="https://khanlabschool.org/independence-levels"}

@misc {okr,
author = "{Wikipedia contributors}",
title = "{Objectives and key results (OKR)}",
year = "2018",
url = "https://en.wikipedia.org/wiki/OKR",
note = "[Online; accessed 22-July-2018]"
}

@book{Malcolm77,
author={ Malcolm Shepherd Knowles},
title ={Self-directoed learning: a guide for learners and teachers},
publisher={New York: Association Press},
year={1977},
}

@misc{pszichoterapia,
title={Bevezetés a pszichoterápiába - A terápiás kapcsolat és a terápia folyamata},
author={Perczel Forintos Dóra},
publisher={Semmelweis Egyetem Klinikai Pszichológia Tanszék},
year={2009},
}
